@Electronic{example_wikipedia,
  month        = feb,
  organization = {Wikipedia},
  title        = {Hauptseite},
  url          = {https://de.wikipedia.org/wiki/Wikipedia:Hauptseite},
  year         = {2023},
}

@Comment{jabref-meta: databaseType:bibtex;}
